@article{Asenjo,
    author = {Asenjo-Garcia, A. and Moreno-Cardoner, M. and Albrecht, A. and Kimble, H. J. and Chang, D. E.},
    title = {Exponential Improvement in Photon Storage Fidelities Using Subradiance and "Selective Radiance" i Atomic Arrays},
    journal = {Physical Review X},
    year = {2017},
    doi = {https://doi.org/10.1103/PhysRevX.7.031024}
}
@unpublished{Deutsch,
    author = {Deutsch, I.},
    title = {Spontaneous Emission: Weisskopf-Wigner Theory},
    url = {http://info.phys.unm.edu/~ideutsch/Classes/Phys566F13/Notes%20from%20others/Spontaneous%20Emission%20Weisskopf-Wigner%20.pdf},
    urldate = {2024-06-13}
}
@article{Yong,
    author = {
        Yong, Yu and \textit{et al.}
    },
    title={Entanglement of two quantum memories via fibres over dozens of kilometres},
    journal={Nature},
    year={2020},
    doi={https://doi.org/10.1038/s41586-020-1976-7}
}
@article{PetrosyanMolmer,
    author = {Petrosyan, D. and Mølmer, K.},
    title={Collective emission of photons from dense, dipole-dipole interacting atomic ensembles},
    journal={Physical Review A},
    year={2021},
    doi={https://doi.org/10.1103/PhysRevA.103.023703}
}
@article{Gruner,
    author = {Grüner, T. and Welsch, D.-G.},
    title = {Green-function approach to the radiation-field quantization for homogeneous and inhomogeneous Kramers-Kronig dielectrics},
    journal = {Physical Review A},
    year = {1996},
    doi = {https://doi.org/10.1103/PhysRevA.53.1818}
}
@article{MolmerCastin,
    author = {Mølmer, K. and Castin, Y.},
    title = {Monte Carlo wavefunctions in quantum optics},
    journal = {Journal of the European Optical Society Part B},
    year = {1996},
    doi = {https://doi.org/10.1088/1355-5111/8/1/015}
}
@article{Fayard,
    author = {Fayard, N. and \textit{et al.}},
    title = {Optical control of collective states in 1D ordered atomic chains beyond the linear regime},
    journal = {arXiv},
    year = {2023},
    doi = {https://doi.org/10.48550/arXiv.2212.13022}
}
@article{ZhangMolmer,
    author = {Zhang, Yu-Xiang and Mølmer, K.},
    title = {Theory of Subradiant States of a One-Dimensional Two-Level Atom Chain},
    journal = {Physical Review Letters},
    year = {2019},
    doi = {https://doi.org/10.1103/PhysRevLett.122.203605}
}